@BOOK{bib1,
author={Cognoms-autor, Nom},
title={T�tol del llibre},
year={Any publicaci�},
publisher={Editor}, }

